<collection>
    <record>
        <controlfield tag="001">196663709</controlfield>
        <controlfield tag="003">SzZuIDS LU LUZHB</controlfield>
        <datafield tag="035" ind1=" " ind2=" ">
            <subfield code="a">(OCoLC)813461950</subfield>
        </datafield>
        <datafield tag="035" ind1=" " ind2=" ">
            <subfield code="a">(IDSLU)001064459</subfield>
        </datafield>
        <datafield tag="691" ind1="L" ind2="R">
            <subfield code="u">ZO 4918</subfield>
        </datafield>
        <datafield tag="909" ind1="L" ind2="1">
            <subfield code="a">NL201211</subfield>
        </datafield>
        <controlfield tag="005">20121026080425.0</controlfield>
        <leader> cam a22 5u 4500</leader>
        <controlfield tag="008">121015s2012 gw 00 ger </controlfield>
        <datafield tag="020" ind1=" " ind2=" ">
            <subfield code="a">978-3-613-03469-3</subfield>
            <subfield code="c">27.90 CHF</subfield>
        </datafield>
        <datafield tag="040" ind1=" " ind2=" ">
            <subfield code="a">SzZuIDS LU LUZHB</subfield>
        </datafield>
        <datafield tag="100" ind1="1" ind2=" ">
            <subfield code="a">Storz</subfield>
            <subfield code="D">Alexander Franc</subfield>
        </datafield>
        <datafield tag="245" ind1="1" ind2="0">
            <subfield code="a">So rollte die DDR</subfield>
            <subfield code="b">unterwegs im Arbeiter- und Bauernstaat</subfield>
            <subfield code="c">Alexander F. Storz</subfield>
        </datafield>
        <datafield tag="260" ind1=" " ind2=" ">
            <subfield code="a">Stuttgart</subfield>
            <subfield code="b">Motorbuch-Verl</subfield>
            <subfield code="c">2012</subfield>
        </datafield>
        <datafield tag="300" ind1=" " ind2=" ">
            <subfield code="a">175 S</subfield>
            <subfield code="b">Ill</subfield>
            <subfield code="c">27 cm</subfield>
        </datafield>
        <datafield tag="650" ind1=" " ind2="7">
            <subfield code="a">Kraftwagen</subfield>
            <subfield code="0">(DE-588)4129315-0</subfield>
            <subfield code="2">gnd</subfield>
        </datafield>
        <datafield tag="651" ind1=" " ind2="7">
            <subfield code="a">Deutschland (DDR)</subfield>
            <subfield code="0">(DE-588)4011890-3</subfield>
            <subfield code="2">gnd</subfield>
        </datafield>
        <datafield tag="655" ind1=" " ind2="7">
            <subfield code="a">Bildband</subfield>
            <subfield code="2">gnd</subfield>
        </datafield>
        <datafield tag="072" ind1=" " ind2="7">
            <subfield code="a">410</subfield>
            <subfield code="2">IDS LU</subfield>
        </datafield>
        <datafield tag="648" ind1=" " ind2="7">
            <subfield code="a">Geschichte</subfield>
            <subfield code="2">gnd</subfield>
        </datafield>
        <datafield tag="898" ind1=" " ind2=" ">
            <subfield code="a">BK040000000</subfield>
        </datafield>
        <datafield tag="949" ind1=" " ind2=" ">
            <subfield code="B">IDSLU</subfield>
            <subfield code="C">ILU50</subfield>
            <subfield code="E">001064459</subfield>
            <subfield code="b">LUZHB</subfield>
            <subfield code="c">ZBFRE</subfield>
            <subfield code="j">ZO 4918 2012</subfield>
            <subfield code="p">ILUM03032335</subfield>
            <subfield code="q">001099214</subfield>
            <subfield code="r">000010</subfield>
            <subfield code="0">Luzern ZHB - Sempacherstrasse</subfield>
            <subfield code="1">Freihand, auch bestellbar bis 9.00/14.30, bereit ab 11.30
                (Mo-Sa)/17.00 (Mo-Fr)</subfield>
            <subfield code="2">-</subfield>
            <subfield code="3">BOOK</subfield>
            <subfield code="4">05</subfield>
            <subfield code="5">Heimausleihe (4 Wochen)</subfield>
        </datafield>
        <datafield tag="956" ind1="4" ind2=" ">
            <subfield code="B">IDSLU</subfield>
            <subfield code="C">ILU50</subfield>
            <subfield code="a">LUZHB</subfield>
            <subfield code="u">http://d-nb.info/1022756028/04</subfield>
            <subfield code="q">pdf</subfield>
            <subfield code="x">VIEW</subfield>
            <subfield code="y">Inhaltsverzeichnis</subfield>
        </datafield>
    </record>