
    <record>
        <leader> cam a22 5u 4500</leader>
        <controlfield tag="001">196663717</controlfield>
        <controlfield tag="003">SzZuIDS LU LUZHB</controlfield>
        <controlfield tag="005">20130308071945.0</controlfield>
        <controlfield tag="008">120525s2012 gw 00 ger| </controlfield>
        <datafield tag="016" ind1="7" ind2=" ">
            <subfield code="a">102275596X</subfield>
            <subfield code="2">DE-101</subfield>
        </datafield>
        <datafield tag="020" ind1=" " ind2=" ">
            <subfield code="a">978-3-613-03463-1</subfield>
            <subfield code="c">14.00 CHF</subfield>
        </datafield>
        <datafield tag="020" ind1=" " ind2=" ">
            <subfield code="a">3-613-03463-8</subfield>
        </datafield>
        <datafield tag="035" ind1=" " ind2=" ">
            <subfield code="a">(OCoLC)808722085</subfield>
        </datafield>
        <datafield tag="035" ind1=" " ind2=" ">
            <subfield code="a">(IDSLU)001064463</subfield>
        </datafield>
        <datafield tag="035" ind1=" " ind2=" ">
            <subfield code="a">(OCoLC)808722085</subfield>
        </datafield>
        <datafield tag="040" ind1=" " ind2=" ">
            <subfield code="a">GWDNB</subfield>
            <subfield code="d">SzZuIDS LU LUZHB</subfield>
        </datafield>
        <datafield tag="072" ind1=" " ind2="7">
            <subfield code="a">410</subfield>
            <subfield code="2">IDS LU</subfield>
        </datafield>
        <datafield tag="082" ind1="0" ind2=" ">
            <subfield code="a">629.2220943</subfield>
        </datafield>
        <datafield tag="084" ind1=" " ind2=" ">
            <subfield code="a">620</subfield>
            <subfield code="2">sdnb</subfield>
        </datafield>
        <datafield tag="100" ind1="1" ind2=" ">
            <subfield code="a">Thyssen-Bornemissza</subfield>
            <subfield code="D">Hanns-Peter von</subfield>
        </datafield>
        <datafield tag="245" ind1="1" ind2="0">
            <subfield code="a">Deutsche Kleinwagen</subfield>
            <subfield code="b">1945 - 1974</subfield>
            <subfield code="c">Hanns-Peter Baron Thyssen-Bornemissza</subfield>
        </datafield>
        <datafield tag="260" ind1=" " ind2=" ">
            <subfield code="a">Stuttgart</subfield>
            <subfield code="b">Motorbuch-Verl</subfield>
            <subfield code="c">2012</subfield>
        </datafield>
        <datafield tag="300" ind1=" " ind2=" ">
            <subfield code="a">127 S</subfield>
            <subfield code="b">Ill</subfield>
            <subfield code="c">21 cm</subfield>
        </datafield>
        <datafield tag="490" ind1="0" ind2=" ">
            <subfield code="a">Typenkompass</subfield>
        </datafield>
        <datafield tag="648" ind1=" " ind2="7">
            <subfield code="a">Geschichte 1945-1974</subfield>
            <subfield code="2">gnd</subfield>
        </datafield>
        <datafield tag="650" ind1=" " ind2="7">
            <subfield code="a">Kleinwagen</subfield>
            <subfield code="0">(DE-588)4128811-7</subfield>
            <subfield code="2">gnd</subfield>
        </datafield>
        <datafield tag="651" ind1=" " ind2="7">
            <subfield code="a">Deutschland</subfield>
            <subfield code="0">(DE-588)4011882-4</subfield>
            <subfield code="2">gnd</subfield>
        </datafield>
        <datafield tag="655" ind1=" " ind2="7">
            <subfield code="a">Verzeichnis</subfield>
            <subfield code="2">gnd</subfield>
        </datafield>
        <datafield tag="691" ind1="L" ind2="R">
            <subfield code="u">ZO 4420</subfield>
        </datafield>
        <datafield tag="856" ind1=" " ind2=" ">
            <subfield code="B">IDSLU</subfield>
            <subfield code="u"
                >http://deposit.d-nb.de/cgi-bin/dokserv?id=4046629&#38;prov=M&#38;dok_var=1&#38;dok_ext=htm</subfield>
            <subfield code="z">Inhaltstext</subfield>
        </datafield>
        <datafield tag="898" ind1=" " ind2=" ">
            <subfield code="a">BK040000000</subfield>
        </datafield>
        <datafield tag="949" ind1=" " ind2=" ">
            <subfield code="B">IDSLU</subfield>
            <subfield code="C">ILU50</subfield>
            <subfield code="E">001064463</subfield>
            <subfield code="b">LUZHB</subfield>
            <subfield code="c">ZBFRE</subfield>
            <subfield code="j">ZO 4420 2012</subfield>
            <subfield code="p">ILUM03059938</subfield>
            <subfield code="q">001099217</subfield>
            <subfield code="r">000010</subfield>
            <subfield code="0">Luzern ZHB - Sempacherstrasse</subfield>
            <subfield code="1">Freihand, auch bestellbar bis 9.00/14.30, bereit ab 11.30
                (Mo-Sa)/17.00 (Mo-Fr)</subfield>
            <subfield code="2">-</subfield>
            <subfield code="3">BOOK</subfield>
            <subfield code="4">05</subfield>
            <subfield code="5">Heimausleihe (4 Wochen)</subfield>
        </datafield>
        <datafield tag="956" ind1="4" ind2=" ">
            <subfield code="B">IDSLU</subfield>
            <subfield code="C">ILU50</subfield>
            <subfield code="a">LUZHB</subfield>
            <subfield code="u">http://d-nb.info/102275596X/04</subfield>
            <subfield code="q">pdf</subfield>
            <subfield code="x">VIEW</subfield>
            <subfield code="y">Inhaltsverzeichnis</subfield>
        </datafield>
    </record>