
    <record>
        <controlfield tag="001">196663725</controlfield>
        <controlfield tag="003">SzZuIDS LU LUZHB</controlfield>
        <datafield tag="035" ind1=" " ind2=" ">
            <subfield code="a">(OCoLC)796089275</subfield>
        </datafield>
        <datafield tag="035" ind1=" " ind2=" ">
            <subfield code="a">(IDSLU)001061438</subfield>
        </datafield>
        <datafield tag="691" ind1="L" ind2="1">
            <subfield code="u">PC 78 D</subfield>
        </datafield>
        <datafield tag="909" ind1="L" ind2="1">
            <subfield code="a">NL201211</subfield>
        </datafield>
        <controlfield tag="005">20121130072714.0</controlfield>
        <leader> cam a22 5u 4500</leader>
        <controlfield tag="008">120207s2012 gw 00 ger| </controlfield>
        <datafield tag="020" ind1=" " ind2=" ">
            <subfield code="a">978-3-9811126-1-0</subfield>
            <subfield code="c">EUR 23.70</subfield>
        </datafield>
        <datafield tag="020" ind1=" " ind2=" ">
            <subfield code="a">3-9811126-1-X</subfield>
        </datafield>
        <datafield tag="035" ind1=" " ind2=" ">
            <subfield code="a">(OCoLC)796089275</subfield>
        </datafield>
        <datafield tag="016" ind1="7" ind2=" ">
            <subfield code="a">1019532696</subfield>
            <subfield code="2">DE-101</subfield>
        </datafield>
        <datafield tag="040" ind1=" " ind2=" ">
            <subfield code="a">GWDNB</subfield>
            <subfield code="d">HEBIS</subfield>
            <subfield code="d">SzZuIDS LU LUZHB</subfield>
        </datafield>
        <datafield tag="100" ind1="1" ind2=" ">
            <subfield code="a">Teichmann</subfield>
            <subfield code="D">Artur</subfield>
        </datafield>
        <datafield tag="245" ind1="1" ind2="0">
            <subfield code="a">Handelsrecht</subfield>
            <subfield code="c">Artur Teichmann</subfield>
        </datafield>
        <datafield tag="250" ind1=" " ind2=" ">
            <subfield code="a">2. Aufl</subfield>
        </datafield>
        <datafield tag="260" ind1=" " ind2=" ">
            <subfield code="a">Mannheim</subfield>
            <subfield code="b">ATV</subfield>
            <subfield code="c">2012</subfield>
        </datafield>
        <datafield tag="300" ind1=" " ind2=" ">
            <subfield code="a">465 S</subfield>
            <subfield code="c">23 cm</subfield>
        </datafield>
        <datafield tag="650" ind1=" " ind2="7">
            <subfield code="a">Handelsrecht</subfield>
            <subfield code="0">(DE-588)4023249-9</subfield>
            <subfield code="2">gnd</subfield>
        </datafield>
        <datafield tag="651" ind1=" " ind2="7">
            <subfield code="a">Deutschland</subfield>
            <subfield code="0">(DE-588)4011882-4</subfield>
            <subfield code="2">gnd</subfield>
        </datafield>
        <datafield tag="655" ind1=" " ind2="7">
            <subfield code="a">Lehrbuch</subfield>
            <subfield code="2">gnd</subfield>
        </datafield>
        <datafield tag="082" ind1="0" ind2=" ">
            <subfield code="a">346.4307</subfield>
        </datafield>
        <datafield tag="072" ind1=" " ind2="7">
            <subfield code="a">842</subfield>
            <subfield code="2">IDS LU</subfield>
        </datafield>
        <datafield tag="084" ind1=" " ind2=" ">
            <subfield code="a">340</subfield>
            <subfield code="2">sdnb</subfield>
        </datafield>
        <datafield tag="898" ind1=" " ind2=" ">
            <subfield code="a">BK040000000</subfield>
        </datafield>
        <datafield tag="949" ind1=" " ind2=" ">
            <subfield code="B">IDSLU</subfield>
            <subfield code="C">ILU50</subfield>
            <subfield code="E">001061438</subfield>
            <subfield code="b">LUNI3</subfield>
            <subfield code="c">U3FRE</subfield>
            <subfield code="j">PC 78 D .g TEIC 2012</subfield>
            <subfield code="p">ILUM03286711</subfield>
            <subfield code="q">001096383</subfield>
            <subfield code="r">000010</subfield>
            <subfield code="0">Luzern ZHB - UNI/PHZ-Gebäude</subfield>
            <subfield code="1">Freihand</subfield>
            <subfield code="2">-</subfield>
            <subfield code="3">BOOK</subfield>
            <subfield code="4">15</subfield>
            <subfield code="5">Heimausleihe (2 Wochen)</subfield>
        </datafield>
    </record>
</collection>
